<?xml version="1.0" encoding="UTF-8"?><collection xmlns="http://www.loc.gov/MARC21/slim"><record><leader>00476nam--2200145-i-4500</leader><controlfield tag="001">000003497</controlfield><controlfield tag="002">20161230</controlfield><controlfield tag="005">20170302001016</controlfield><controlfield tag="008">060222s1000------------r-----000-0-eng-d</controlfield><datafield ind1=" " ind2=" " tag="100"><subfield code="a">Baldet, F</subfield></datafield><datafield ind1=" " ind2=" " tag="245"><subfield code="a">La constitution des cometes. Conference faite au conservatoire des arts et metiers le 14 may 1930</subfield></datafield><datafield ind1=" " ind2=" " tag="260"><subfield code="a">Paris</subfield><subfield code="b">Hermann Et Cie</subfield><subfield code="c">1930</subfield></datafield><datafield ind1=" " ind2=" " tag="300"><subfield code="a">23 p.+1 F.Pl</subfield></datafield><datafield ind1=" " ind2=" " tag="490"><subfield code="a">Conferences D Actualites Scientifiques Et Industrielles XVI</subfield></datafield><datafield ind1=" " ind2=" " tag="CAT"><subfield code="a">SYS</subfield><subfield code="c">20170302</subfield><subfield code="h">001016</subfield></datafield></record></collection>